<?xml version="1.0" encoding="UTF-8"?><collection><record><leader>06381ntm a2200625 a 4500</leader><controlfield tag="001">006782389</controlfield><controlfield tag="003">MiAaHDL</controlfield><controlfield tag="005">20190719000000.0</controlfield><controlfield tag="006">m        d        </controlfield><controlfield tag="007">cr bn ---auaua</controlfield><controlfield tag="008">090519s1579    xx            00| ||ara d</controlfield><datafield tag="035" ind1=" " ind2=" "><subfield code="a">(MiU)006782389</subfield></datafield><datafield tag="035" ind1=" " ind2=" "><subfield code="a">sdr-miu006782389</subfield></datafield><datafield tag="040" ind1=" " ind2=" "><subfield code="a">MiU</subfield><subfield code="c">MiU</subfield><subfield code="e">amremm</subfield></datafield><datafield tag="043" ind1=" " ind2=" "><subfield code="a">n-us-mi</subfield></datafield><datafield tag="100" ind1="1" ind2=" "><subfield code="6">880-01</subfield><subfield code="a">Qaramānī, Muṣṭafá ibn Zakarīyā ibn Aydughmish,</subfield><subfield code="d">d.1406.</subfield></datafield><datafield tag="240" ind1="1" ind2="0"><subfield code="6">880-02</subfield><subfield code="a">Tawḍīḥ</subfield></datafield><datafield tag="245" ind1="1" ind2="0"><subfield code="6">880-03</subfield><subfield code="a">Kitāb Sharḥ al-Muqaddimah,</subfield><subfield code="f">[986, i.e. 1579].</subfield></datafield><datafield tag="260" ind1=" " ind2=" "><subfield code="c">[1579].</subfield></datafield><datafield tag="300" ind1=" " ind2=" "><subfield code="a">89 leaves :</subfield><subfield code="b">paper ;</subfield><subfield code="c">211 x 158 (160 x 88) mm.</subfield></datafield><datafield tag="500" ind1=" " ind2=" "><subfield code="a">Shelfmark: Ann Arbor, University of Michigan, Special Collections Library, Isl. Ms. 530</subfield></datafield><datafield tag="500" ind1=" " ind2=" "><subfield code="a">Origin: As appears in colophon on p.182, copied by Ḥājjī Muḥammad ibn Ḥājjī Sinān (Hacı Mehmet bin Hacı Sinan) with transcription completed 4 [?] Dhū al-Ḥijjah 986 [ca. 1 February 1579].</subfield></datafield><datafield tag="500" ind1=" " ind2=" "><subfield code="a">Accompanying materials: a. Acquisitions slip from Yahuda (pp.1-2) -- b.Inventory cataloguing slip in hand of Winifred Smeaton Thomas (pp.3-4).</subfield></datafield><datafield tag="500" ind1=" " ind2=" "><subfield code="a">Former shelfmark: From inner front cover and spine label, "IL 64b" (likely supplied by Yahuda, see acquisitions slip).</subfield></datafield><datafield tag="500" ind1=" " ind2=" "><subfield code="a">Binding: Pasteboards covered in once yellow-tinted laid paper (see flap) with dark brown leather over spine, fore edge flap, and edges/turn-ins (framed binding) ; Type II binding (with flap) ; board linings in untinted laid paper ; sewn in dark blue thread, two stations, many threads broken ; overall in somewhat poor condition with significant abrasion, staining, lifting and losses of leather, etc. ; repairs to spine and fore edge flap in tan leather.</subfield></datafield><datafield tag="500" ind1=" " ind2=" "><subfield code="a">Support: European laid paper with 9 laid lines per cm. (vertical), chain lines spaced 28 mm. apart (horizontal), watermark of anchor in circle with six-pointed star above (65 mm. tall, see p.170, 179, etc.), and "T C" under trefoil countermark (see p.181) ; sturdy though crisp ; well-burnished to glossy.</subfield></datafield><datafield tag="500" ind1=" " ind2=" "><subfield code="a">Decoration: Keywords rubricated ; written area of incipit and facing page surrounded by frame consisting of gold band outlined by black fillets ; textual dividers in the form of letter hāʼ in red.</subfield></datafield><datafield tag="500" ind1=" " ind2=" "><subfield code="a">Script: Naskh ; clear 'Syrian' or Turkish hand, small and compact ; mainly serifless, rounded with curvilinear descenders, very slight effect of tilt to the left, pointing in strokes rather than distinct dots, etc.</subfield></datafield><datafield tag="500" ind1=" " ind2=" "><subfield code="a">Layout: Written in 21 lines per page ; frame-ruled.</subfield></datafield><datafield tag="500" ind1=" " ind2=" "><subfield code="a">Collation: i, 8 V(80), IV+1 (89) ; almost exclusively quinions ; front flyleaf now affixed to opening leaf ; catchwords present ; pagination in pencil, Western numerals, supplied during digitization (includes inserts).</subfield></datafield><datafield tag="500" ind1=" " ind2=" "><subfield code="a">Colophon: "Scribal," rectangular, reads "قد وقع الفراغ من هذا الشرح المبارك في شهر ذي الحجة في يوم اربع في تاريخ سنة ٩٨۶ على يد العبد الفقير الحقير حاجي محمد ابن حاجي سنان غفر الله له ولوالديه ... تمت"</subfield></datafield><datafield tag="500" ind1=" " ind2=" "><subfield code="a">Explicit: "ثم اعتقادي مذهب النعماني والى الخير والصلاح نقطع الكلام راجين من الله الفلاح والنور بالنجاح انه هو الوهاب الفتاح وشاركين حامدين على تمام التوضيح انه هو المشكور على افاضة نعمه والمسؤول خاتمة السعادة بفضله وكرمه ... حسبنا الله ونعم الوكيل تمت"</subfield></datafield><datafield tag="500" ind1=" " ind2=" "><subfield code="a">Incipit: "الحمد لله رب العالمين والصلوة والسلام على رسوله محمد واله وعلى جميع رسل الله وانبيائه ... وبعد يقول الفقير الى رحمة ربه الغني مصطفى بن زكريا ابن ايدغرمش القرماني ... لما رأيت مختصر مقدمة الصلاة المنسوب تأليفه الى الشيخ الامام ختم المجتهدين ... نصر بن محمد الفقيه ابي الليث السمرقندي ... قد اشتهر فيما بين الانام بركاته وشملتهم فوائده ... اردت ان اكتب له شرحا تحل مشكلاته ويفصل مجملاته ... فسميته التوضيح وسألت الله ان ينفع به كما نفع باصله ..."</subfield></datafield><datafield tag="500" ind1=" " ind2=" "><subfield code="a">Title from inscription on 'title page' (p.1).</subfield></datafield><datafield tag="500" ind1=" " ind2=" "><subfield code="a">Ms. codex.</subfield></datafield><datafield tag="510" ind1="4" ind2=" "><subfield code="a">Ḥājjī Khalīfah. Kashf al-ẓunūn,</subfield><subfield code="c">vi 71, no.12756</subfield></datafield><datafield tag="510" ind1="4" ind2=" "><subfield code="a">Brockelmann, C. GAL,</subfield><subfield code="c">I 196 no.5 cmtre b ; S I 348.</subfield></datafield><datafield tag="520" ind1="8" ind2=" "><subfield code="a">Fine copy of al-Tawḍīḥ (التوضيح), the commentary by Muṣṭafá ibn Zakarīyā ibn Aydughmish al-Qaramānī (d.1406) on al-Muqaddimah fī al-ṣalāh, a work on jurisprudential issues pertaining to the canonical prayer (ṣalāh, ṣalāt) by Abū al-Layth al-Samarqandī (d.993).</subfield></datafield><datafield tag="538" ind1=" " ind2=" "><subfield code="a">Mode of access: Internet.</subfield></datafield><datafield tag="541" ind1=" " ind2=" "><subfield code="a">Acquired in 1926 from the bookseller Isaac Benjamin S.E. Yahuda via purchase transacted on his behalf by Abraham Shalom Yahuda (1877-1951), his younger brother.</subfield></datafield><datafield tag="546" ind1=" " ind2=" "><subfield code="a">Arabic.</subfield></datafield><datafield tag="561" ind1=" " ind2=" "><subfield code="a">Listing of book titles and prices on upper board lining ; ownership statement on 'title page' (p.1) in name of Hafız Mehmet bin İbrahim (حافظ محمد بن ابراهيم) ; occasional marginal corrections.</subfield></datafield><datafield tag="600" ind1="1" ind2="0"><subfield code="a">Abū al-Layth al-Samarqandī, Naṣr ibn Muḥammad,</subfield><subfield code="d">d. 983?</subfield><subfield code="t">Muqaddimah fī al-ṣalāh.</subfield></datafield><datafield tag="650" ind1=" " ind2="0"><subfield code="a">Manuscripts, Arabic</subfield><subfield code="z">Michigan</subfield><subfield code="z">Ann Arbor.</subfield></datafield><datafield tag="650" ind1=" " ind2="0"><subfield code="a">Prayer</subfield><subfield code="x">Islam</subfield><subfield code="v">Early works to 1800.</subfield></datafield><datafield tag="650" ind1=" " ind2="0"><subfield code="a">Islam</subfield><subfield code="v">Prayers and devotions</subfield><subfield code="v">Early works to 1800.</subfield></datafield><datafield tag="650" ind1=" " ind2="0"><subfield code="a">Salat</subfield><subfield code="v">Early works to 1800.</subfield></datafield><datafield tag="700" ind1="0" ind2=" "><subfield code="6">880-05</subfield><subfield code="a">Hafız Mehmet bin İbrahim,</subfield><subfield code="e">former owner.</subfield></datafield><datafield tag="700" ind1="0" ind2=" "><subfield code="6">880-04</subfield><subfield code="a">Hacı Mehmet bin Hacı Sinan,</subfield><subfield code="d">fl. 1579,</subfield><subfield code="e">scribe.</subfield></datafield><datafield tag="773" ind1="0" ind2=" "><subfield code="a">Yahuda Collection.</subfield></datafield><datafield tag="880" ind1="0" ind2=" "><subfield code="6">700-05/</subfield><subfield code="a">حافظ محمد بن ابراهيم،</subfield><subfield code="e">مالك سابق.</subfield></datafield><datafield tag="880" ind1="0" ind2=" "><subfield code="6">700-04/</subfield><subfield code="a">حاجى محمد بن حاجى سنان،</subfield><subfield code="e">ناسخ.</subfield></datafield><datafield tag="880" ind1="1" ind2="0"><subfield code="6">245-03/</subfield><subfield code="a">كتاب شرح المقدمة,</subfield><subfield code="f">[986ه، 1579م].</subfield></datafield><datafield tag="880" ind1="1" ind2="0"><subfield code="6">240-02/</subfield><subfield code="a">توضيح</subfield></datafield><datafield tag="880" ind1="1" ind2=" "><subfield code="6">100-01/</subfield><subfield code="a">قرماني، مصطفى بن زكريا بن ايدغمش.</subfield></datafield><datafield tag="CID" ind1=" " ind2=" "><subfield code="a">006782389</subfield></datafield><datafield tag="DAT" ind1="0" ind2=" "><subfield code="a">20190719102635.0</subfield><subfield code="b">20190719000000.0</subfield></datafield><datafield tag="DAT" ind1="1" ind2=" "><subfield code="a">20190719090653.0</subfield><subfield code="b">2019-07-19T16:11:26Z</subfield></datafield><datafield tag="DAT" ind1="2" ind2=" "><subfield code="a">2015-10-02T18:00:03Z</subfield></datafield><datafield tag="CAT" ind1=" " ind2=" "><subfield code="a">SDR-MIU</subfield><subfield code="d">EX LIBRIS - ALEPH</subfield><subfield code="l">prepare.pl-004-008</subfield></datafield><datafield tag="FMT" ind1=" " ind2=" "><subfield code="a">BK</subfield></datafield><datafield tag="HOL" ind1=" " ind2=" "><subfield code="0">sdr-miu006782389</subfield><subfield code="a">MiU</subfield><subfield code="b">SDR</subfield><subfield code="c">MIU</subfield><subfield code="p">mdp.39015079125558</subfield><subfield code="s">MIU</subfield><subfield code="1">006782389</subfield></datafield><datafield tag="974" ind1=" " ind2=" "><subfield code="b">MIU</subfield><subfield code="c">MIU</subfield><subfield code="d">20190719</subfield><subfield code="s">lit-dlps-dc</subfield><subfield code="u">mdp.39015079125558</subfield><subfield code="y">1579</subfield><subfield code="r">pd</subfield><subfield code="q">bib</subfield><subfield code="t">non-US bib date1 &lt; 1896</subfield></datafield></record></collection>